<record><leader>00000cas a2200000 a 4500</leader><controlfield tag="001">11671941</controlfield><controlfield tag="008">850208d18871889ksuwr ne      0   a0eng d</controlfield><datafield ind1=" " ind2=" " tag="010"><subfield code="a">sn 85030069 </subfield></datafield><datafield ind1=" " ind2=" " tag="040"><subfield code="a">KSH</subfield><subfield code="b">eng</subfield><subfield code="c">KSH</subfield><subfield code="d">NPT</subfield><subfield code="d">OCL</subfield><subfield code="d">OCLCQ</subfield></datafield><datafield ind1=" " ind2=" " tag="042"><subfield code="a">msc</subfield></datafield><datafield ind1="0" ind2="4" tag="245"><subfield code="a">The Kingman weekly courier.</subfield></datafield><datafield ind1=" " ind2=" " tag="260"><subfield code="a">Kingman, Kan. :</subfield><subfield code="b">John C. Foley,</subfield><subfield code="c">1887-1889.</subfield></datafield><datafield ind1=" " ind2=" " tag="300"><subfield code="a">3 v. :</subfield><subfield code="b">ill. ;</subfield><subfield code="c">55-65 cm.</subfield></datafield><datafield ind1=" " ind2=" " tag="310"><subfield code="a">Weekly</subfield></datafield><datafield ind1="0" ind2=" " tag="362"><subfield code="a">Vol. 11, no. 26 (Apr. 22, 1887)-v. 14, no. 3 (Nov. 21, 1889).</subfield></datafield><datafield ind1=" " ind2=" " tag="500"><subfield code="a">On masthead: "Successor to the Mercury, Citizen, Blade, Republican, and Citizen republican."</subfield></datafield><datafield ind1=" " ind2=" " tag="500"><subfield code="a">Publisher varies.</subfield></datafield><datafield ind1=" " ind2=" " tag="580"><subfield code="a">Issued also in a daily edition called: Kingman daily courier.</subfield></datafield><datafield ind1=" " ind2=" " tag="752"><subfield code="a">United States</subfield><subfield code="b">Kansas</subfield><subfield code="c">Kingman</subfield><subfield code="d">Kingman.</subfield></datafield><datafield ind1="1" ind2=" " tag="775"><subfield code="t">Kingman daily courier</subfield><subfield code="w">(DLC)sn 85030068</subfield></datafield><datafield ind1="0" ind2="0" tag="780"><subfield code="t">Kingman courier</subfield><subfield code="w">(DLC)sn 85030059</subfield></datafield><datafield ind1="0" ind2="7" tag="785"><subfield code="t">Kingman leader</subfield><subfield code="w">(DLC)sn 85030060</subfield></datafield><datafield ind1="0" ind2="7" tag="785"><subfield code="t">Leader courier</subfield><subfield code="w">(DLC)sn 85030061</subfield></datafield></record>